@article{boguth_2023,
  title={Noisy FOMC Returns? Information, Price Pressure, and Post-Announcement Reversals},
  author={Boguth, Oliver and Fisher, Adlai J. and Gregoire, Vincent and Martineau, Charles},
  year={2023},
  month={October},
  note={Available at SSRN: https://ssrn.com/abstract=4131740 or http://dx.doi.org/10.2139/ssrn.4131740},
}

@article{asness_2024,
  title={The Less-Efficient Market Hypothesis},
  author={Asness, Cliff S.},
  year={2024},
  month={August},
  journal={50th Anniversary Issue of The Journal of Portfolio Management, Forthcoming},
  note={Available at SSRN: https://ssrn.com/abstract=4942046 or http://dx.doi.org/10.2139/ssrn.4942046},
}

@article{fama_random_walk,
 ISSN = {0015198X},
 URL = {http://www.jstor.org/stable/4469865},
 author = {Eugene F. Fama},
 journal = {Financial Analysts Journal},
 number = {5},
 pages = {55--59},
 publisher = {CFA Institute},
 title = {Random Walks in Stock Market Prices},
 urldate = {2024-10-19},
 volume = {21},
 year = {1965}
}

@article{fama_EMH,
 ISSN = {00221082, 15406261},
 URL = {http://www.jstor.org/stable/2325486},
 author = {Eugene F. Fama},
 journal = {The Journal of Finance},
 number = {2},
 pages = {383--417},
 publisher = {[American Finance Association, Wiley]},
 title = {Efficient Capital Markets: A Review of Theory and Empirical Work},
 urldate = {2024-12-03},
 volume = {25},
 year = {1970}
}

@article{lim_brooks_2010, 
title={THE EVOLUTION OF STOCK MARKET EFFICIENCY OVER TIME: A SURVEY OF THE EMPIRICAL LITERATURE}, 
volume={25}, url={https://onlinelibrary.wiley.com/doi/abs/10.1111/j.1467-6419.2009.00611.x#b317}, 
DOI={https://doi.org/10.1111/j.1467-6419.2009.00611.x}, 
number={1}, journal={Journal of Economic Surveys}, 
publisher={Wiley}, author={Lim, Kian-Ping and Brooks, Robert}, year={2010}, month={Mar}, pages={69–108} }

@article{fama_french_1993, 
title={Common risk factors in the returns on stocks and bonds}, 
volume={33}, url={https://www.sciencedirect.com/science/article/abs/pii/0304405X93900235}, DOI={https://doi.org/10.1016/0304-405x(93)90023-5}, number={1}, journal={Journal of Financial Economics}, publisher={Elsevier BV}, author={Fama, Eugene F and French, Kenneth R}, year={1993}, month={Feb}, pages={3–56} }

@misc{french_website,
  author= {Kenneth R. French},
  title= {Data Library},
  howpublished = {\url{https://mba.tuck.dartmouth.edu/pages/faculty/ken.french/data_library.html}},
  year= {2024},
  note= {Accessed: 2024-11-24}
}

@article{maloney_moskowitz_2020, title={Value and Interest Rates: Are Rates to Blame for Value’s Torments?}, url={https://papers.ssrn.com/sol3/papers.cfm?abstract_id=3608155}, DOI={https://doi.org/10.2139/ssrn.3608155}, journal={SSRN Electronic Journal}, publisher={RELX Group (Netherlands)}, author={Maloney, Thomas and Moskowitz, Tobias J}, year={2020}, month={Jan} }
‌
‌@article{lo_amh,
author = {Lo, Andrew},
year = {2004},
month = {10},
pages = {},
title = {The Adaptive Markets Hypothesis: Market Efficiency from an Evolutionary Perspective}
}

@article{lo_mackinley_1988, title={Stock Market Prices do not Follow Random Walks: Evidence from a Simple Specification Test}, volume={1}, ISBN={08939454, 14657368}, url={https://www.jstor.org/stable/2962126}, number={1}, journal={The Review of Financial Studies}, publisher={[Oxford University Press, Society for Financial Studies]}, author={Lo, Andrew W and Craig, MacKinlay A}, year={1988}, pages={41–66} }

‌
‌@article{mincer_zarnowitz_1969, 
title={Economic Forecasts and Expectations: Analysis of Forecasting Behavior and Performance},
volume={ISBN 0-870-14202-X}, 
url={https://www.nber.org/system/files/chapters/c1214/c1214.pdf}, 
author={Mincer, Jacob and Zarnowitz, Victor}, 
year={1969}, 
pages={0–870} }

‌@article{barclay_hendershott_2003,
 title={Price Discovery and Trading After Hours},
  volume={16},
   url={https://academic.oup.com/rfs/article-abstract/16/4/1041/1576361},
    DOI={https://doi.org/10.1093/rfs/hhg030},
     number={4}, journal={Review of Financial Studies},
      publisher={Oxford University Press},
       author={Barclay, Michael J and Hendershott, Terrence},
        year={2003}, month={Oct}, pages={1041–1073}}

‌@article{cheung1995lag,
  title={Lag order and critical values of the augmented Dickey--Fuller test},
  author={Cheung, Yin-Wong and Lai, Kon S},
  journal={Journal of Business \& Economic Statistics},
  volume={13},
  number={3},
  pages={277--280},
  year={1995},
  publisher={Taylor \& Francis Group}
}

@misc{usrec,
  author       = {{Federal Reserve Bank of St. Louis}},
  title        = {NBER based Recession Indicators for the United States from the Period following the Peak through the Trough [USREC]},
  howpublished = {\url{https://fred.stlouisfed.org/series/USREC}},
  note         = {Retrieved October 22, 2024},
  year         = {2024}
}

@misc{sheppard2024arch,
  author       = {Kevin Sheppard and Stanislav Khrapov and Gábor Lipták and Rick van Hattem and mikedeltalima and Joren Hammudoglu and Rob Capellini and others},
  title        = {Bashtage/arch: Release 7.2},
  month        = {November},
  year         = {2024},
  publisher    = {Zenodo},
  doi          = {10.5281/zenodo.14035889},
  url          = {https://doi.org/10.5281/zenodo.14035889}
}

@book{python3,
 author = {Van Rossum, Guido and Drake, Fred L.},
 title = {Python 3 Reference Manual},
 year = {2009},
 isbn = {1441412697},
 publisher = {CreateSpace},
 address = {Scotts Valley, CA}
}

@misc{yahoo_finance_gspc,
  author       = {Yahoo Finance},
  title        = {Historical Data for S\&P 500 Index (\^{}GSPC)},
  howpublished = {\url{https://finance.yahoo.com/quote/%5EGSPC/history}},
  note         = {Accessed: 2024-11-23},
  year         = {2024}
}
